@article{brader2014metabolic,
  title={Metabolic potential of endophytic bacteria},
  author={Brader, G{\"u}nter and Compant, St{\'e}phane and Mitter, Birgit and Trognitz, Friederike and Sessitsch, Angela},
  journal={Current opinion in biotechnology},
  volume={27},
  pages={30--37},
  year={2014},
  publisher={Elsevier}
}

@article{moran2002microbial,
  title={Microbial minimalism: genome reduction in bacterial pathogens},
  author={Moran, Nancy A},
  journal={Cell},
  volume={108},
  number={5},
  pages={583--586},
  year={2002},
  publisher={Elsevier}
}

@article{raes2007prediction,
  title={Prediction of effective genome size in metagenomic samples},
  author={Raes, Jeroen and Korbel, Jan O and Lercher, Martin J and Von Mering, Christian and Bork, Peer},
  journal={Genome biology},
  volume={8},
  pages={1--11},
  year={2007},
  publisher={Springer}
}

@article{tyson2004community,
  title={Community structure and metabolism through reconstruction of microbial genomes from the environment},
  author={Tyson, Gene W and Chapman, Jarrod and Hugenholtz, Philip and Allen, Eric E and Ram, Rachna J and Richardson, Paul M and Solovyev, Victor V and Rubin, Edward M and Rokhsar, Daniel S and Banfield, Jillian F},
  journal={Nature},
  volume={428},
  number={6978},
  pages={37--43},
  year={2004},
  publisher={Nature Publishing Group UK London}
}

@article{vandenkoornhuyse2007active,
  title={Active root-inhabiting microbes identified by rapid incorporation of plant-derived carbon into RNA},
  author={Vandenkoornhuyse, Philippe and Mah{\'e}, St{\'e}phane and Ineson, Philip and Staddon, Phil and Ostle, Nick and Cliquet, Jean-Bernard and Francez, Andr{\'e}-Jean and Fitter, Alastair H and Young, J Peter W},
  journal={Proceedings of the National Academy of Sciences},
  volume={104},
  number={43},
  pages={16970--16975},
  year={2007},
  publisher={National Acad Sciences}
}

@article{liu2022microbial,
  title={Microbial diversity and adaptive strategies in the Mars-like Qaidam Basin, North Tibetan Plateau, China},
  author={Liu, Li and Liu, Haiyun and Zhang, Wensi and Chen, Yan and Shen, Jianxun and Li, Yiliang and Pan, Yongxin and Lin, Wei},
  journal={Environmental Microbiology Reports},
  volume={14},
  number={6},
  pages={873--885},
  year={2022},
  publisher={Wiley Online Library}
}
